<?xml version="1.0" encoding="UTF-8"?><collection xmlns="http://www.loc.gov/MARC21/slim"><record><leader>00554nam--2200181-i-4500</leader><controlfield tag="001">000020257</controlfield><controlfield tag="002">20161230</controlfield><controlfield tag="005">20161230201033</controlfield><controlfield tag="008">060222s1000------------r-----000-0-fre-d</controlfield><datafield ind1=" " ind2=" " tag="040"><subfield code="a">IFIN-HH</subfield></datafield><datafield ind1=" " ind2=" " tag="041"><subfield code="a">fre</subfield></datafield><datafield ind1=" " ind2=" " tag="080"><subfield code="a">539.184.56:681.785(043)</subfield></datafield><datafield ind1="1" ind2=" " tag="100"><subfield code="a">Fontaine, Jean-marie</subfield></datafield><datafield ind1="1" ind2="0" tag="245"><subfield code="a">Contribution a l`etude des effects du bombardement electronique en microscopie auger a balayage</subfield><subfield code="b">These</subfield><subfield code="c">Jeqan-marie fontaine</subfield></datafield><datafield ind1=" " ind2=" " tag="260"><subfield code="a">Orsay</subfield><subfield code="b">Universite De Paris-sud</subfield><subfield code="c">1982</subfield></datafield><datafield ind1=" " ind2=" " tag="300"><subfield code="a">203 P</subfield></datafield><datafield ind1=" " ind2=" " tag="852"><subfield code="a">71889</subfield><subfield code="c">539.18</subfield></datafield><datafield ind1=" " ind2=" " tag="CAT"><subfield code="a">Sys</subfield><subfield code="c">20120709</subfield><subfield code="h">153313</subfield></datafield></record></collection>